<record><leader>00000cas a22000007a 4500</leader><controlfield tag="001">19822768</controlfield><controlfield tag="008">890606d19071910mouwr ne      0    0eng d</controlfield><datafield ind1=" " ind2=" " tag="010"><subfield code="a">sn 89066340 </subfield></datafield><datafield ind1=" " ind2=" " tag="040"><subfield code="a">MQN</subfield><subfield code="b">eng</subfield><subfield code="c">MQN</subfield><subfield code="d">OCLCQ</subfield></datafield><datafield ind1=" " ind2=" " tag="042"><subfield code="a">msc</subfield></datafield><datafield ind1="0" ind2="4" tag="245"><subfield code="a">The Spickard herald and Grundy County gazette.</subfield></datafield><datafield ind1=" " ind2=" " tag="260"><subfield code="a">Spickard, Mo. :</subfield><subfield code="b">Edward E. Sanders,</subfield><subfield code="c">1907-1910.</subfield></datafield><datafield ind1=" " ind2=" " tag="300"><subfield code="a">v.</subfield></datafield><datafield ind1=" " ind2=" " tag="310"><subfield code="a">Weekly</subfield></datafield><datafield ind1="0" ind2=" " tag="362"><subfield code="a">Vol. 20, no. 27 (Apr. 25, 1907)-v. 23, no. 40 (July 7, 1910) = v. 1, no. 27-v. 4, no. 40.</subfield></datafield><datafield ind1=" " ind2=" " tag="515"><subfield code="a">Continues numbering of both the Grundy County gazette (Spickard, Mo. : 1887) and the Spickard herald.</subfield></datafield><datafield ind1=" " ind2=" " tag="752"><subfield code="a">United States</subfield><subfield code="b">Missouri</subfield><subfield code="c">Grundy</subfield><subfield code="d">Spickard.</subfield></datafield><datafield ind1="0" ind2="4" tag="780"><subfield code="t">Spickard herald</subfield></datafield><datafield ind1="0" ind2="4" tag="780"><subfield code="t">Grundy County gazette (Spickard, Mo. : 1887)</subfield><subfield code="w">(DLC)sn 89066339</subfield></datafield><datafield ind1="0" ind2="0" tag="785"><subfield code="t">Grundy County gazette (Spickard, Mo. : 1910)</subfield><subfield code="w">(DLC)sn 89066341</subfield></datafield></record>